
@inproceedings{perozzi2014deepwalk,
	title={Deepwalk: Online learning of social representations},
	author={Perozzi, Bryan and Al-Rfou, Rami and Skiena, Steven},
	booktitle={Proceedings of the 20th ACM SIGKDD international conference on Knowledge discovery and data mining},
	pages={701--710},
	year={2014},
	organization={ACM}
}

@inproceedings{chen2016query,
	title={Query-based music recommendations via preference embedding},
	author={Chen, Chih-Ming and Tsai, Ming-Feng and Lin, Yu-Ching and Yang, Yi-Hsuan},
	booktitle={Proceedings of the 10th ACM Conference on Recommender Systems},
	pages={79--82},
	year={2016},
	organization={ACM}
}


@inproceedings{Gantner2011MyMediaLite,
	author    = { Zeno Gantner and Steffen Rendle and Christoph Freudenthaler and Lars Schmidt-Thieme },
	title     = { {MyMediaLite}: A Free Recommender System Library },
	booktitle = { Proceedings of the 5th ACM Conference
	on Recommender Systems (RecSys 2011) },
	year      = 2011
}


@article{goyal2017graph,
	title={Graph Embedding Techniques, Applications, and Performance: A Survey},
	author={Goyal, Palash and Ferrara, Emilio},
	journal={arXiv preprint arXiv:1705.02801},
	year={2017}
}

@misc{aboutSpotify,
	title = {{About} Spotify},
	howpublished = {\url{https://press.spotify.com/us/about/}},
	note = {Accessed: 2017-11-02}
}

@inproceedings{kamehkhosh2017user,
	title={User Perception of Next-Track Music Recommendations},
	author={Kamehkhosh, Iman and Jannach, Dietmar},
	booktitle={Proceedings of the 25th Conference on User Modeling, Adaptation and Personalization},
	pages={113--121},
	year={2017},
	organization={ACM}
}

@inproceedings{pichl2017improving,
	title={Improving Context-Aware Music Recommender Systems: Beyond the Pre-filtering Approach},
	author={Pichl, Martin and Zangerle, Eva and Specht, G{\"u}nther},
	booktitle={Proceedings of the 2017 ACM on International Conference on Multimedia Retrieval},
	pages={201--208},
	year={2017},
	organization={ACM}
}

@inproceedings{lee2016look,
	title={A Look at the Cloud from Both Sides Now: An Analysis of Cloud Music Service Usage.},
	author={Lee, Jin Ha and Kim, Yea-Seul and Hubbles, Chris},
	booktitle={ISMIR},
	pages={299--305},
	year={2016}
}

@inproceedings{grover2016node2vec,
	title={node2vec: Scalable feature learning for networks},
	author={Grover, Aditya and Leskovec, Jure},
	booktitle={Proceedings of the 22nd ACM SIGKDD international conference on Knowledge discovery and data mining},
	pages={855--864},
	year={2016},
	organization={ACM}
}


@article{mikolov2013efficient,
	title={Efficient estimation of word representations in vector space},
	author={Mikolov, Tomas and Chen, Kai and Corrado, Greg and Dean, Jeffrey},
	journal={arXiv preprint arXiv:1301.3781},
	year={2013}
}

@inproceedings{lamere2007using,
	title={Using 3D Visualizations to Explore and Discover Music.},
	author={Lamere, Paul and Eck, Douglas},
	booktitle={ISMIR},
	pages={173--174},
	year={2007}
}

@article{chungexploiting,
	title={EXPLOITING PLAYLISTS FOR REPRESENTATION OF SONGS AND WORDS FOR TEXT-BASED MUSIC RETRIEVAL},
	author={Chung, Chia-Hao and Chen, Yian and Chen, Homer}
}

@article{libeks2011you,
	title={You can judge an artist by an album cover: Using images for music annotation},
	author={Libeks, Janis and Turnbull, Douglas},
	journal={IEEE MultiMedia},
	volume={18},
	number={4},
	pages={30--37},
	year={2011},
	publisher={IEEE}
}

@article{knees2007exploring,
	title={Exploring music collections in virtual landscapes},
	author={Knees, Peter and Schedl, Markus and Pohle, Tim and Widmer, Gerhard},
	journal={IEEE multimedia},
	volume={14},
	number={3},
	year={2007},
	publisher={IEEE}
}